@misc{ImgRecog,
	author={Andrej Karpathy},
	title={Image Recognition Lectures},
    howpublished={\url{http://cs231n.github.io/}},
    month={},
	year={},
	note={(Accessed on 10/26/2017)}
}

@misc{neuralnets,
	author={Steven Miller},
	title={Neural Nets},
    howpublished={\url{https://stevenmiller888.github.io/mind-how-to-build-a-neural-network/}},
    month={08},
	year={2015},
	note={(Accessed on 10/25/2017)}
}

@misc{miller,
	author={Ron Kohavi, Foster Provost},
	title={Glossary of Terms},
    howpublished={\url{http://robotics.stanford.edu/~ronnyk/glossary.html}},
	year={1998},
	note={Glossary}
}

McCloskey, M. & Cohen, N. (1989) Catastrophic interference in connectionist networks: The sequential learning problem. In G. H. Bower (ed.) The Psychology of Learning and Motivation,24, 109-164