@misc{ROSintro,
	author={Vanessa Mazzari},
	title={ROS – Robot Operating System},
    howpublished={\url{https://www.generationrobots.com/blog/en/2016/03/ros-robot-operating-system-2/}},
    month={03},
	year={2016},
	note={(Accessed on Nov 12)}
}
@misc{MSrobo,
	author={Microsoft},
	title={Welcome to Robotics Developer Studio},
    howpublished={\url{https://msdn.microsoft.com/en-us/library/bb648760.aspx}},
    month={},
	year={},
	note={(Accessed on Nov 12)}
}
@misc{NAOqi,
	author={},
	title={What is NAOqi Framework},
    howpublished={\url{http://doc.aldebaran.com/1-14/dev/naoqi/index.html}},
    month={},
	year={},
	note={(Accessed on Nov 12)}
}
@misc{markerstech,
	author={Johannes Köhler Alain Pagani and Didier Stricker},
	title={Detection and Identification Techniques for Markers Used in Computer Vision},
    howpublished={\url{http://vesta.informatik.rwth-aachen.de/opus/volltexte/2011/3095/pdf/6.pdf}},
    month={01},
	year={2010},
	note={(Accessed on Nov 13)}
}
@misc{RFIDtag,
	author={Evan Ackerman},
	title={Robots Use RFID to Find and Navigate to Household Objects},
    howpublished={\url{https://spectrum.ieee.org/automaton/robotics/robotics-hardware/robots-rfid-find-and-navigate-objects}},
    month={09},
	year={14},
	note={(Accessed on Nov 13)}
}
@misc{ChemicalOdour,
	author={R. Andrew Russell},
	title={Odour Detection by Mobile Robots},
    howpublished={\url{https://books.google.com/books?id=O2FTjO9X2xQC&pg=PA117&lpg=PA117&dq=Marking+techniques+for+robots&source=bl&ots=uODndBxYdz&sig=jbNGH4OUaFGM2tnXnsL6dVSCTTM&hl=en&sa=X&ved=0ahUKEwjNwPHs-r3XAhVMwmMKHTlPBN0Q6AEIRTAH#v=onepage&q=Marking%20techniques%20for%20robots&f=false}},
    month={07},
	year={1999},
	note={(Accessed on Nov 13)}
}
@misc{Datastanford,
	author={Benjamin Sapp and Ashutosh Saxena and Andrew Y. Ng},
	title={A Fast Data Collection and Augmentation Procedure for Object Recognition},
    howpublished={\url{http://ai.stanford.edu/~asaxena/robotdatacollection/stairdatacollection.pdf}},
    month={},
	year={2008},
	note={(Accessed on Nov 13)}
}