@article{Lu,
author = { D.   Lu  and  Q.   Weng },
title = {A survey of image classification methods and techniques for improving classification performance},
journal = {International Journal of Remote Sensing},
volume = {28},
number = {5},
pages = {823-870},
year  = {2007},
publisher = {Taylor & Francis},
doi = {10.1080/01431160600746456},
  URL = { 
          https://doi.org/10.1080/01431160600746456
  },
  eprint = { 
          https://doi.org/10.1080/01431160600746456   
  }
}

@article{simard2003best,
  title={Best practices for convolutional neural networks applied to visual document analysis.},
  author={Simard, Patrice Y and Steinkraus, David and Platt, John C and others},
  booktitle={ICDAR},
  volume={3},
  pages={958--962},
  year={2003}
}

@article{srivastava2014dropout,
  title={Dropout: A simple way to prevent neural networks from overfitting},
  author={Srivastava, Nitish and Hinton, Geoffrey and Krizhevsky, Alex and Sutskever, Ilya and Salakhutdinov, Ruslan},
  journal={The Journal of Machine Learning Research},
  volume={15},
  number={1},
  pages={1929--1958},
  year={2014},
  publisher={JMLR. org}
}