@misc{ImgRecog,
	author={Andrej Karpathy},
	title={Image Recognition Lectures},
    howpublished={\url{http://cs231n.github.io/}},
    month={},
	year={},
	note={(Accessed on 10/26/2017)}
}
@misc{neuralnets,
	author={Steven Miller},
	title={Neural Nets},
    howpublished={\url{https://stevenmiller888.github.io/mind-how-to-build-a-neural-network/}},
    month={08},
	year={2015},
	note={(Accessed on 10/25/2017)}
}