@misc{CNN,
	author={Andrej Karpathy},
	title={Image Recognition Lectures},
    howpublished={\url{http://cs231n.github.io/}},
    month={},
	year={},
	note={(Accessed on 10/26/2017)}
}
@misc{Inception, 
	author={TensorFlow},
	title={Image Recognition},
    howpublished={\url{https://www.tensorflow.org/tutorials/image_recognition}},
	year={},
	note={}
}
@misc{SequentialData, 
	author={Thomas G. Dietterich},
	title={Machine Learning for Sequential Data: A Review},
    howpublished={\url{http://web.engr.oregonstate.edu/~tgd/publications/mlsd-ssspr.pdf}},
	year={},
	note={}
}
